@article{baymani2015artificial,
  title={Artificial neural network method for solving the Navier--Stokes equations},
  author={Baymani, Mojtaba and Effati, Sohrab and Niazmand, Hamid and Kerayechian, Asghar},
  journal={Neural Computing and Applications},
  volume={26},
  pages={765--773},
  year={2015},
  publisher={Springer}
}

@article{chorin1968numerical,
  title={Numerical solution of the Navier-Stokes equations},
  author={Chorin, Alexandre Joel},
  journal={Mathematics of computation},
  volume={22},
  number={104},
  pages={745--762},
  year={1968}
}

@article{eivazi2022physics,
  title={Physics-informed neural networks for solving Reynolds-averaged Navier--Stokes equations},
  author={Eivazi, Hamidreza and Tahani, Mojtaba and Schlatter, Philipp and Vinuesa, Ricardo},
  journal={Physics of Fluids},
  volume={34},
  number={7},
  year={2022},
  publisher={AIP Publishing}
}

@article{jin2021nsfnets,
  title={NSFnets (Navier-Stokes flow nets): Physics-informed neural networks for the incompressible Navier-Stokes equations},
  author={Jin, Xiaowei and Cai, Shengze and Li, Hui and Karniadakis, George Em},
  journal={Journal of Computational Physics},
  volume={426},
  pages={109951},
  year={2021},
  publisher={Elsevier}
}

@inproceedings{michalakes2007wrf,
  title={WRF nature run},
  author={Michalakes, John and Hacker, Josh and Loft, Richard and McCracken, Michael O and Snavely, Allan and Wright, Nicholas J and Spelce, Tom and Gorda, Brent and Walkup, Robert},
  booktitle={Proceedings of the 2007 ACM/IEEE conference on Supercomputing},
  pages={1--6},
  year={2007}
}

@book{Whiteley2017,
  doi = {10.1007/978-3-319-49971-0},
  url = {https://doi.org/10.1007/978-3-319-49971-0},
  year = {2017},
  publisher = {Springer International Publishing},
  author = {Jonathan Whiteley},
  title = {Finite Element Methods}
}

@article{Raissi2019,
  doi = {10.1016/j.jcp.2018.10.045},
  url = {https://doi.org/10.1016/j.jcp.2018.10.045},
  year = {2019},
  month = feb,
  publisher = {Elsevier {BV}},
  volume = {378},
  pages = {686--707},
  author = {M. Raissi and P. Perdikaris and G.E. Karniadakis},
  title = {Physics-informed neural networks: A deep learning framework for solving forward and inverse problems involving nonlinear partial differential equations},
  journal = {Journal of Computational Physics}
}



@misc{munafo_english_2021,
	title = {English:  {Physics}-informed nerural networks for solving {Navier}-{Stokes} equations.},
	shorttitle = {English},
	url = {https://commons.wikimedia.org/wiki/File:Physics-informed_nerural_networks.png},
	urldate = {2023-09-15},
	author = {Munafò, Riccardo},
	month = jun,
	year = {2021},
	file = {Wikimedia Snapshot:/Users/aaronspaulding/Zotero/storage/SFN88HPC/FilePhysics-informed_nerural_networks.html:text/html},
}

@misc{team_english_2015,
	title = {English:  {Cloud} vortices in the cloud layer off {Heard} {Island}, south {Indian} {Ocean}. {The} {Moderate} {Resolution} {Imaging} {Spectroradiometer} ({MODIS}) aboard {NASA}’s {Aqua} satellite captured this true-color image of sea ice off {Heard} {Island} on {Nov} 2, 2015 at 5:02 {AM} {EST} (09:20 {UTC}).},
	copyright = {Public domain},
	shorttitle = {English},
	url = {https://commons.wikimedia.org/wiki/File:Heard_Island_Karman_vortex_street.jpg},
	urldate = {2023-09-15},
	author = {Team, NASA / GSFC / Jeff Schmaltz / MODIS Land Rapid Response},
	month = nov,
	year = {2015},
	file = {Wikimedia Snapshot:/Users/aaronspaulding/Zotero/storage/RTA3KN9Y/FileHeard_Island_Karman_vortex_street.html:text/html},
}

@misc{munafo_english_2021,
	title = {English:  {Physics}-informed nerural[sic] networks for solving {Navier}-{Stokes} equations.},
	shorttitle = {English},
	url = {https://commons.wikimedia.org/wiki/File:Physics-informed_nerural_networks.png},
	urldate = {2023-09-15},
	author = {Munafò, Riccardo},
	month = jun,
	year = {2021},
	file = {Wikimedia Snapshot:/Users/aaronspaulding/Zotero/storage/SFN88HPC/FilePhysics-informed_nerural_networks.html:text/html},
}
